@misc{trefethen,
    author = {Trefethen, Lloyd N. and Bau III, David },
    title = {Numerical Linear Algebra},
    year = {1997},
    publisher = {SIAM},
    address = {Philadelphia, Pennsylvania}
}

@book{greenbaum,
     author = {Anne Greenbaum},
     title = {Iterative Methods for Solving Linear Systems},
     publisher = {SIAM},
     year = {1997},
     doi = {10.1137/1.9781611970937},
     address = {},
     edition   = {},
     URL = {https://epubs.siam.org/doi/abs/10.1137/1.9781611970937},
     eprint = {https://epubs.siam.org/doi/pdf/10.1137/1.9781611970937}
}

@book{leveque,
    author = {Randall J. LeVeque},
    title = {Finite Difference Methods for Ordinary and Partial Differential Equations: Steady-State and Time-Dependent Problems},
    year = {2007},
    publisher = {SIAM},
    address  = {Philadelphia, Pennsylvania}
 }



