@misc{lorig,
    author = {Matthew Lorig},
    title = {Introduction to Probability and Stochastic Processes},
    year = {2018},
    howpublished = {PDF course notes for University of Washington AMATH 561/562}
}

@book{grimmett,
    author = {Geoffrey R. Grimmet and David R. Sitrzaker},
    title = {Probability and Random Processes},
    year = {2001},
    publisher = {Oxford University Press},
    address  = {New York}
 }

@misc{sdes,
    author = {Timothy Sauer},
    title = {Numerical Solution of Stochastic Differential Equations in Finance},
    year = {2006} }

@book{leveque,
    author = {Randall J. LeVeque},
    title = {Finite Difference Methods for Ordinary and Partial Differential Equations: Steady-State and Time-Dependent Problems},
    year = {2007},
    publisher = {SIAM},
    address  = {Philadelphia, Pennsylvania}
 }

@book{kloeden,
    author = {Peter E. Kloeden},
    title = {Numerical Solutions of Stochastic Differential Equations},
    year = {1995},
    publisher = {Springer-Verlag Berlin Heidelberg},
    address  = {New York}
}

@misc{holmes,
    author = {Miranda Holmes-Cerfon},
    title = {Numerically solving SDEs},
    year = {2015}
}
