@article{perturbed_lanczos,
	author = {Anne Greenbaum},
	year = {1989},
	month = {02},
	pages = {7-63},
    title = {Behavior of slightly perturbed Lanczos and conjugate-gradient recurrences},
    volume = {113},
    booktitle = {Linear Algebra and Its Applications - LINEAR ALGEBRA APPL}
}

@article{CGCG,
  author = {Chronopoulos, Anthony T. and Gear, C. William},
  journal = {Parallel Computing},
  pages = {37-53},
  title = {On the efficient implementation of preconditioned s-step conjugate gradient methods on multiprocessors with memory hierarchy.},
  volume = 11,
  year = 1989
}

@article {pCG,
	title = {Hiding global synchronization latency in the preconditioned Conjugate Gradient algorithm},
	journal = {Parallel Computing},
	year = {2013},
	author = {Ghysels, P and Vanroose, W.}
}
